<?xml version="1.0" encoding="UTF-8"?><record xmlns="http://www.loc.gov/MARC21/slim" xmlns:cinclude="http://apache.org/cocoon/include/1.0" xmlns:zs="http://www.loc.gov/zing/srw/">
  <leader>00811cz  a2200193n  4500</leader>
  <controlfield tag="001">n  91062683 </controlfield>
  <controlfield tag="003">DLC</controlfield>
  <controlfield tag="005">20041230094024.0</controlfield>
  <controlfield tag="008">910624n| acannaabn          |a aaa      </controlfield>
  <datafield tag="010" ind1=" " ind2=" ">
    <subfield code="a">n  91062683 </subfield>
  </datafield>
  <datafield tag="035" ind1=" " ind2=" ">
    <subfield code="a">(OCoLC)oca02971609</subfield>
  </datafield>
  <datafield tag="040" ind1=" " ind2=" ">
    <subfield code="a">DLC</subfield>
    <subfield code="b">eng</subfield>
    <subfield code="c">DLC</subfield>
    <subfield code="d">FMU</subfield>
    <subfield code="d">OCoLC</subfield>
    <subfield code="d">DLC</subfield>
  </datafield>
  <datafield tag="100" ind1="1" ind2=" ">
    <subfield code="a">Palma C., Pedro A.</subfield>
  </datafield>
  <datafield tag="400" ind1="1" ind2=" ">
    <subfield code="a">Palma, Pedro A.</subfield>
  </datafield>
  <datafield tag="400" ind1="1" ind2=" ">
    <subfield code="a">Palma-Carrillo, Pedro Agustín</subfield>
  </datafield>
  <datafield tag="400" ind1="1" ind2=" ">
    <subfield code="a">Carrillo, Pedro Agustín Palma-</subfield>
  </datafield>
  <datafield tag="670" ind1=" " ind2=" ">
    <subfield code="a">His Aspectos económicos y financieros de la industria petrolera nacional, 1976-1985, between 1986 and 1990:</subfield>
    <subfield code="b">t.p. (Pedro A. Palma C.)</subfield>
  </datafield>
  <datafield tag="670" ind1=" " ind2=" ">
    <subfield code="a">His 1974-1983, una década de contrastes en la economía ... 1989:</subfield>
    <subfield code="b">t.p. (Pedro A. Palma)</subfield>
  </datafield>
  <datafield tag="670" ind1=" " ind2=" ">
    <subfield code="a">A macro-econometric model of Venezuela, 1976 :</subfield>
    <subfield code="b">t.p. (Pedro Agustín Palma-Carrillo) copyright page (b. 1944)</subfield>
  </datafield>
</record>